@Book{manual,
	author = {N.N},
	title =  {K223--Nuclear $\gamma$-$\gamma$ Angular Correlations},
	PUBLISHER={University of Bonn, Advanced Laboratory Course physics601},
	YEAR={2021},
	MONTH={Feb}
}
@book{nuclear,
	author={Schatz, Günter and Weidinger, Alois},
	title={Nukleare Festkörperphysik},
	subtitle={Kernphysikalische Meßmethoden und ihre Anwendungen},
	publisher={B.G. Teubner Stuttgart},
	year={1997}
}
@book{siegbahn,
	author={Siegbahn, Kai},
	title={$\alpha,\beta$ and $\gamma$ ray spectroscopy},
	%subtitle={},
	publisher={North Holland Publishing Company},
	place={Amsterdam},
	year={1965}
}

@Book{Leo,
	author = {William R. Leo},
	title =  {Techniques for Nuclear and Particle Physics Experiments},
	subtitle = {A How-to Approach},
	PUBLISHER={Springer-Verlag Berlin Heidelberg GmbH},
	YEAR={1994}
}
@misc{griffin,
	author={GRIFFIN Collaboration},
	title={Angular Correlation Calculator},
	note={last visit: \today}
}
@article{bdpaper,
	title = {Angular Correlation of Successive Gamma-Rays},
	author = {Brady, E. L. and Deutsch, M.},
	journal = {Phys. Rev.},
	volume = {78},
	issue = {5},
	pages = {558--566},
	numpages = {0},
	year = {1950},
	month = {Jun},
	publisher = {American Physical Society},
	doi = {10.1103/PhysRev.78.558},
	url = {https://www.phys.hawaii.edu/~teb/Brady_Deutsch.pdf},
	note={last visit: \today}
}
@article{hamilton,
	title = {On Directional Correlation of Successive Quanta},
	author = {Hamilton, Donald R.},
	journal = {Phys. Rev.},
	volume = {58},
	issue = {2},
	pages = {122--131},
	numpages = {0},
	year = {1940},
	month = {Jul},
	publisher = {American Physical Society},
	doi = {10.1103/PhysRev.58.122},
	url = {https://link.aps.org/doi/10.1103/PhysRev.58.122}
}
