@Book{manual,
	author = {N.N.},
	title =  {A246 - High Resolution Laser Spectroscopy --
	Course description},
	PUBLISHER={Universität Bonn},
	YEAR={August 2019},
	ADDRESS={Nussallee 12, D-53115 Bonn}
}

@Book{laser,
	author = {Melles Griot},
	title = {Lasers and Instruments -- Introduction to Laser Technology}}

@Book{hecht,
	author ={E. Hecht},
	title = {Optics},
	PUBLISHER = {Addison-Wesley Publishing},
	year = {1987}}


@article{grating,
	author = {L. Ricci and M. Weidemüller and T. Esslinger and A. Hemmerich and C. Zimmermann V. Vuletic and W. König and T. W. Hänsch},
	title = {A compact grating-stabilized diode laser system for atomic physics},
	journal = {Opt. Commun},
	number = {117},
	pages = {641-649},
 	year={1995}}
 @book{demtröder,
 	author={Demtröder, Wolfgang},
 	title={Experimentalphysik 3},
 	subtitle={Atome, Moleküle, Festkörper},
 	volume={4},
 	publisher={Springer},
 	year={2010}
 

}
@Book{demtröderl,
	author = {W. Demtröder},
	title =  {Laser Spectroscopy Vol. 1 },
	PUBLISHER={Springer},
	YEAR={2008}
}
@misc{87d,
	author = {Steck, Daniel},
	pages = {},
	title = {Rubidium 87 D Line Data},
	note={available online at \url{http://steck.us/alkalidata} (revision 2.2.1, 21 November 2019)}
}
@misc{85d,
	author = {Steck, Daniel},
	pages = {},
	title = {Rubidium 85 D Line Data},
	note={available online at \url{http://steck.us/alkalidata} (revision 2.2.2, 29 April 2021)}
}