@book{script,
	title={Lab Course Accelerator Bonn (LAB)},
	subtitle={Script for the Advanced Laboratory Course (physics601), Experiment E207},
	author={N.N.},
	year={2020},
	month={Feb.},
	publisher={Beschleunigeranlage ELSA, Physikalisches Institut, Universität Bonn}
}
@book{wille,
	title={Physik der Teilchenbeschleuniger und Synchrotronstrahlungsquellen},
	subtitle={Eine Einführung},
	author={Wille, Klaus},
	volume=2,
	publisher={Springer Fachmedien Wiesbaden GmbH},
	year={1996}
}