@Book{manual,
	author = {o.V.},
	title =  {Script: K221 Mössbauer effect},
	PUBLISHER={Universität Bonn},
	YEAR={March 1998},
	ADDRESS={Nussallee 12, D-53115 Bonn}
}

@Book{chemistry,
	author = {{Attila Vertes}, {Sandor Nagy}, {Zoltan Klencsar}, {Rezso G.}, {Lovas}, {Frank Rösch}},
	title =  {Handbook of Nuclear Chemistry},
	PUBLISHER={Springer Science+Business Media B.V. },
	YEAR={2011}
}


@Book{demtröder,
	author = {W. Demtröder},
	title =  {Laser Spectroscopy Vol. 1 },
	PUBLISHER={Springer},
	YEAR={2008}
}

@Book{schatz,
	author = {Schatz, Weidinger},
	title =  {Condensed Matter Physics},
	PUBLISHER={Teubner Verlag}
}

@Misc{magneton,
	author = {Particle Data Group},
	title =  {Physical Constants (a major revision)},
	URL = {https://pdg.lbl.gov/2020/reviews/rpp2020-rev-phys-constants.pdf}
}

@Musk{gfactor,
	author={R. Preston, S. Hanna, J. Heberle},
	title={Mossbauer Effect in Metallic Iron},
	year={1962},
	journal = {Phys. Rev. Lett.},
	URL={https://journals.aps.org/pr/pdf/10.1103/PhysRev.128.2207}
}


@Book{solids,
	author={Charles Kittels},
	title={Introduction to Solid State Physics},
	PUBLISHER={John Whiley and Sons Inc.},
	year={2005}}


@Book{demroeder4,
	author={Wolfgang Demtröder},
	title={Experimentalphysik 4 -- Kern-, Teilchen- und Astrophysik},
	PUBLISHER={Springer Spektrum},
	year={2017}}


